<record><leader>00000cas a2200000 a 4500</leader><controlfield tag="001">11117694</controlfield><controlfield tag="008">840904d18761921nyuwr ne      0    0eng c</controlfield><datafield ind1=" " ind2=" " tag="010"><subfield code="a">sn 84027442 </subfield></datafield><datafield ind1=" " ind2=" " tag="040"><subfield code="a">NPU</subfield><subfield code="b">eng</subfield><subfield code="c">NPU</subfield><subfield code="d">NPX</subfield><subfield code="d">NYG</subfield><subfield code="d">MFN</subfield><subfield code="d">NYS</subfield><subfield code="d">OCLCQ</subfield><subfield code="d">OCLCF</subfield><subfield code="d">OCLCO</subfield></datafield><datafield ind1="1" ind2=" " tag="029"><subfield code="a">AU@</subfield><subfield code="b">000020338410</subfield></datafield><datafield ind1=" " ind2=" " tag="042"><subfield code="a">pcc</subfield></datafield><datafield ind1=" " ind2=" " tag="043"><subfield code="a">n-us-ny</subfield></datafield><datafield ind1="0" ind2="0" tag="245"><subfield code="a">Long Island weekly star.</subfield></datafield><datafield ind1=" " ind2=" " tag="260"><subfield code="a">Long Island City, N.Y. :</subfield><subfield code="b">[Thomas H. Todd]</subfield></datafield><datafield ind1=" " ind2=" " tag="300"><subfield code="a">v. ;</subfield><subfield code="c">59-65 cm.</subfield></datafield><datafield ind1=" " ind2=" " tag="310"><subfield code="a">Weekly</subfield></datafield><datafield ind1="1" ind2=" " tag="362"><subfield code="a">Began in 1876? Ceased in 1921?</subfield></datafield><datafield ind1=" " ind2=" " tag="500"><subfield code="a">Masthead ornament: Seal of Long Island City.</subfield></datafield><datafield ind1=" " ind2=" " tag="500"><subfield code="a">Publisher: Long Island Star Publishing Co. &lt;1895-&gt;.</subfield></datafield><datafield ind1=" " ind2=" " tag="500"><subfield code="a">Established 1865. Cf. publisher's statement.</subfield></datafield><datafield ind1=" " ind2=" " tag="580"><subfield code="a">Weekly ed. for Brooklyn: Greenpoint weekly star &lt;1895-1921&gt;.</subfield></datafield><datafield ind1=" " ind2=" " tag="580"><subfield code="a">Daily eds.: Daily star (Long Island City (New York, N.Y.)), &lt;1876-1878&gt;, and: Long Island City daily star, &lt;1878-1895&gt;, and: Greenpoint daily star, &lt;1881-1893&gt;, and: Daily star (Brooklyn (New York, N.Y.)), &lt;1898-1921&gt;.</subfield></datafield><datafield ind1=" " ind2=" " tag="588"><subfield code="a">Description based on: Vol. 11, no. 35 (June 16, 1876).</subfield></datafield><datafield ind1=" " ind2="0" tag="651"><subfield code="a">Astoria (New York, N.Y.)</subfield><subfield code="v">Newspapers.</subfield></datafield><datafield ind1=" " ind2="0" tag="651"><subfield code="a">Long Island City (New York, N.Y.)</subfield><subfield code="v">Newspapers.</subfield></datafield><datafield ind1=" " ind2="0" tag="651"><subfield code="a">New York (N.Y.)</subfield><subfield code="v">Newspapers.</subfield></datafield><datafield ind1=" " ind2="0" tag="651"><subfield code="a">Queens County (N.Y.)</subfield><subfield code="v">Newspapers.</subfield></datafield><datafield ind1=" " ind2="7" tag="655"><subfield code="a">Newspapers.</subfield><subfield code="2">fast</subfield><subfield code="0">(OCoLC)fst01423814</subfield></datafield><datafield ind1=" " ind2="7" tag="651"><subfield code="a">New York (State)</subfield><subfield code="z">New York.</subfield><subfield code="2">fast</subfield><subfield code="0">(OCoLC)fst01204333</subfield></datafield><datafield ind1=" " ind2="7" tag="651"><subfield code="a">New York (State)</subfield><subfield code="z">New York</subfield><subfield code="z">Astoria.</subfield><subfield code="2">fast</subfield><subfield code="0">(OCoLC)fst01322048</subfield></datafield><datafield ind1=" " ind2="7" tag="651"><subfield code="a">New York (State)</subfield><subfield code="z">New York</subfield><subfield code="z">Long Island City.</subfield><subfield code="2">fast</subfield><subfield code="0">(OCoLC)fst01315587</subfield></datafield><datafield ind1=" " ind2="7" tag="651"><subfield code="a">New York (State)</subfield><subfield code="z">Queens County.</subfield><subfield code="2">fast</subfield><subfield code="0">(OCoLC)fst01246810</subfield></datafield><datafield ind1=" " ind2=" " tag="752"><subfield code="a">United States</subfield><subfield code="b">New York</subfield><subfield code="c">Queens</subfield><subfield code="d">Long Island City.</subfield></datafield><datafield ind1=" " ind2=" " tag="752"><subfield code="a">United States</subfield><subfield code="b">New York</subfield><subfield code="d">New York.</subfield></datafield><datafield ind1="1" ind2=" " tag="775"><subfield code="t">Daily star (Long Island City (New York, N.Y.))</subfield><subfield code="w">(OCoLC)33057468</subfield></datafield><datafield ind1="1" ind2=" " tag="775"><subfield code="t">Greenpoint weekly star</subfield><subfield code="w">(DLC)sn 89071127</subfield><subfield code="w">(OCoLC)19452929</subfield></datafield><datafield ind1="1" ind2=" " tag="775"><subfield code="t">Long Island City daily star</subfield><subfield code="w">(DLC)sn 84035007</subfield><subfield code="w">(OCoLC)11523364</subfield></datafield><datafield ind1="1" ind2=" " tag="775"><subfield code="t">Greenpoint daily star</subfield><subfield code="w">(DLC)sn 84035008</subfield><subfield code="w">(OCoLC)11523385</subfield></datafield><datafield ind1="1" ind2=" " tag="775"><subfield code="t">Daily star (Brooklyn (New York, N.Y.)</subfield><subfield code="w">(DLC)sn 84027443</subfield><subfield code="w">(OCoLC)11121552</subfield></datafield><datafield ind1="0" ind2="1" tag="780"><subfield code="t">Long Island City star</subfield><subfield code="w">(DLC)sn 84027444</subfield><subfield code="w">(OCoLC)11120917</subfield></datafield><datafield ind1="0" ind2="0" tag="780"><subfield code="t">Long Island City star and Newtown advertiser</subfield><subfield code="w">(DLC)sn 84027441</subfield><subfield code="w">(OCoLC)11120516</subfield></datafield><datafield ind1="0" ind2="4" tag="785"><subfield code="t">Daily Star (Brooklyn, New York, N.Y.)</subfield><subfield code="w">(DLC)sn 84027443</subfield><subfield code="w">(OCoLC)11121552</subfield></datafield></record>